<record><leader>00000cas a22000007a 4500</leader><controlfield tag="001">20721117</controlfield><controlfield tag="008">891201d19841987nduer ne      0    0eng d</controlfield><datafield ind1=" " ind2=" " tag="010"><subfield code="a">sn 89074432 </subfield></datafield><datafield ind1=" " ind2=" " tag="040"><subfield code="a">NOP</subfield><subfield code="b">eng</subfield><subfield code="c">NOP</subfield><subfield code="d">NSD</subfield><subfield code="d">ANU</subfield><subfield code="d">OCLCQ</subfield><subfield code="d">ZP2</subfield><subfield code="d">OCLCQ</subfield><subfield code="d">OCLCF</subfield><subfield code="d">OCLCO</subfield></datafield><datafield ind1=" " ind2=" " tag="042"><subfield code="a">msc</subfield></datafield><datafield ind1=" " ind2=" " tag="043"><subfield code="a">n-us-nd</subfield></datafield><datafield ind1="0" ind2="0" tag="245"><subfield code="a">Ahead of the herd Fort Berthold press.</subfield></datafield><datafield ind1="1" ind2=" " tag="246"><subfield code="i">Issues for Aug. 22, 1986-Aug. 20, 1987 have title:</subfield><subfield code="a">Ahead of the herd Fort Berthold's press</subfield></datafield><datafield ind1=" " ind2=" " tag="260"><subfield code="a">New Town, N.D. :</subfield><subfield code="b">Fort Berthold Communications Enterprise</subfield></datafield><datafield ind1=" " ind2=" " tag="300"><subfield code="a">3 v. :</subfield><subfield code="b">ill. ;</subfield><subfield code="c">58 cm.</subfield></datafield><datafield ind1=" " ind2=" " tag="310"><subfield code="a">Biweekly</subfield></datafield><datafield ind1="0" ind2=" " tag="362"><subfield code="a">Vol. 2, no. 9 (June 1, 1984)-v. 5, no 14 (Aug. 20, 1987).</subfield></datafield><datafield ind1=" " ind2=" " tag="500"><subfield code="a">Publisher's block title: Ahead of the herd, June 1-Aug. 24, 1984.</subfield></datafield><datafield ind1=" " ind2=" " tag="515"><subfield code="a">Vol. 2, no. 25 (Dec. 28, 1984) misnumbered v. 3, no. 25.</subfield></datafield><datafield ind1=" " ind2=" " tag="515"><subfield code="a">Paper for June 17, 1986 issued as an insert in the June 27th paper.</subfield></datafield><datafield ind1=" " ind2=" " tag="530"><subfield code="a">Available on microfilm from the State Historical Society of North Dakota.</subfield></datafield><datafield ind1=" " ind2="0" tag="650"><subfield code="a">Indians of North America</subfield><subfield code="z">North Dakota</subfield><subfield code="v">Newspapers.</subfield></datafield><datafield ind1=" " ind2="0" tag="650"><subfield code="a">Mandan Indians</subfield><subfield code="v">Newspapers.</subfield></datafield><datafield ind1=" " ind2="0" tag="650"><subfield code="a">Hidatsa Indians</subfield><subfield code="v">Newspapers.</subfield></datafield><datafield ind1=" " ind2="0" tag="650"><subfield code="a">Arikara Indians</subfield><subfield code="v">Newspapers.</subfield></datafield><datafield ind1=" " ind2="7" tag="655"><subfield code="a">Newspapers.</subfield><subfield code="2">fast</subfield><subfield code="0">(OCoLC)fst01423814</subfield></datafield><datafield ind1=" " ind2="7" tag="650"><subfield code="a">Arikara Indians.</subfield><subfield code="2">fast</subfield><subfield code="0">(OCoLC)fst00814430</subfield></datafield><datafield ind1=" " ind2="7" tag="650"><subfield code="a">Hidatsa Indians.</subfield><subfield code="2">fast</subfield><subfield code="0">(OCoLC)fst00955926</subfield></datafield><datafield ind1=" " ind2="7" tag="650"><subfield code="a">Indians of North America.</subfield><subfield code="2">fast</subfield><subfield code="0">(OCoLC)fst00969633</subfield></datafield><datafield ind1=" " ind2="7" tag="650"><subfield code="a">Mandan Indians.</subfield><subfield code="2">fast</subfield><subfield code="0">(OCoLC)fst01007421</subfield></datafield><datafield ind1=" " ind2="7" tag="651"><subfield code="a">North Dakota.</subfield><subfield code="2">fast</subfield><subfield code="0">(OCoLC)fst01205582</subfield></datafield><datafield ind1=" " ind2=" " tag="752"><subfield code="a">United States</subfield><subfield code="b">North Dakota</subfield><subfield code="c">Mountrail</subfield><subfield code="d">New Town.</subfield></datafield><datafield ind1="0" ind2="0" tag="780"><subfield code="t">Ahead of the herd</subfield><subfield code="w">(DLC)sn 89074431</subfield><subfield code="w">(OCoLC)14064315</subfield></datafield><datafield ind1="0" ind2="0" tag="785"><subfield code="t">Mandan Hidatsa Arickara times</subfield><subfield code="x">1055-7733</subfield><subfield code="w">(DLC)sn 89074433</subfield><subfield code="w">(OCoLC)19587906</subfield></datafield></record>